@misc{ wiki:Mandelbrotset,
  howpublished  = {\url{"https://en.wikipedia.org/wiki/Mandelbrot_set"}},
  note = "2022",
  title = "Mandelbrot set",
  author = {{wikipedia}},
}